@misc{DRFweb,
  author = {Django Software Foundation},
  title = {Django Rest Framework},
  year = {2024},
  note = {Last accessed 08 June 2024},
  url = {https://www.django-rest-framework.org/}
}
@misc{PycharmIDE,
  author = {Jetbrains},
  title = {PyCharm Professional para el desarrollo web},
  year = {2024},
  note = {Last accessed 08 June 2024},
  url = {https://www.jetbrains.com/es-es/pycharm/}
}
@misc{SCRUM,
    author={Miguel Ángel de Dios},
    title={Scrum: qué es y cómo funciona este marco de trabajo},
    year={2022},
    note={Last accesed 09 June 2024},
    url={https://www.wearemarketing.com/es/blog/metodologia-scrum-que-es-y-como-funciona.html}
}
@misc{SCRUM-Sprints,
    author={De Max Rehkopf},
    title={¿Qué son los sprints en la gestión de proyectos?},
    year={2017},
    note={Last accesed 09 June 2024},
    url={https://atlassian.com/es/agile/scrum/sprints}
}
@misc{SCRUM-Roles,
    author={De Dave West},
    title={Funciones y responsabilidades de scrum de metodología ágil},
    year={2017},
    note={Last accesed 09 June 2024},
    url={https://www.atlassian.com/es/agile/scrum/roles#:~:text=%C2%BFCu%C3%A1les%20son%20las%20tres%20funciones,miembros%20del%20equipo%20de%20desarrollo.}
}
@inproceedings{RESNET,
  title={Search and Visualization of Researcher Networks: Co-authorship in Ecuador},
  author={Arias, Josu{\'e} and Recalde, Lorena},
  booktitle={Conference on Information and Communication Technologies of Ecuador},
  pages={448--463},
  year={2023},
  organization={Springer}
}

@misc{ARQUITECTURA-HEXAGONAL,
    author={Ekaterina Novoseltseva},
    title={¿Qué Es La Arquitectura Hexagonal? Definición Y Ejemplos},
    year={2020},
    note={Last accesed 09 June 2024},
    url={https://apiumhub.com/es/tech-blog-barcelona/arquitectura-hexagonal/}
}

@misc{DOCKER,
    author={RedHat},
    title={¿Qué Docker y cómo funciona?},
    year={2023},
    note={Last accesed 09 June 2024},
    url={https://www.redhat.com/es/topics/containers/what-is-docker}
}


@misc{AZURE-DEVOPS,
    author={Microsoft Learn},
    title={¿Qué es Azure DevOps?},
    year={2024},
    note={Last accesed 09 June 2024},
    url={https://learn.microsoft.com/es-es/azure/devops/user-guide/what-is-azure-devops?view=azure-devops}
}
@misc{MOBILE-FIRST,
    author = {Mozilla Developer Network},
    title= {Mobile First - Glosario de MDN Web Docs},
    year={2023},
    note={Las accesed 09 June 204},
    url={https://developer.mozilla.org/es/docs/Glossary/Mobile_First}
}